
@article{franc_iterative_2003,
	title = {An iterative algorithm learning the maximal margin classifier},
	volume = {36},
	issn = {00313203},
	url = {http://linkinghub.elsevier.com/retrieve/pii/S0031320303000608},
	doi = {10.1016/S0031-3203(03)00060-8},
	language = {en},
	number = {9},
	urldate = {2017-12-12},
	journal = {Pattern Recognition},
	author = {Franc, Vojtěch and Hlaváč, Václav},
	month = sep,
	year = {2003},
	pages = {1985--1996}
}

@article{mavroforakis_geometric_2006,
	title = {A geometric approach to {Support} {Vector} {Machine} ({SVM}) classification},
	volume = {17},
	issn = {1045-9227, 1941-0093},
	url = {http://ieeexplore.ieee.org/document/1629090/},
	doi = {10.1109/TNN.2006.873281},
	number = {3},
	urldate = {2017-12-12},
	journal = {IEEE Transactions on Neural Networks},
	author = {Mavroforakis, M.E. and Theodoridis, S.},
	month = may,
	year = {2006},
	pages = {671--682}
}

@inproceedings{goodrich_training_2011,
	title = {Training weighted {SVMs} using a generalized {Schlesinger}-{Kozinec} algorithm},
	isbn = {978-1-61284-972-0 978-1-61284-969-0 978-1-61284-971-3},
	url = {http://ieeexplore.ieee.org/document/6119691/},
	doi = {10.1109/IECON.2011.6119691},
	urldate = {2017-12-12},
	publisher = {IEEE},
	author = {Goodrich, Ben and Albrecht, David and Tischer, Peter},
	month = nov,
	year = {2011},
	pages = {2435--2440}
}

@article{theodoridis_reduced_2007,
	title = {Reduced {Convex} {Hulls}: {A} {Geometric} {Approach} to {Support} {Vector} {Machines} [{Lecture} {Notes}]},
	volume = {24},
	issn = {1053-5888},
	shorttitle = {Reduced {Convex} {Hulls}},
	url = {http://ieeexplore.ieee.org/document/4205097/},
	doi = {10.1109/MSP.2007.361610},
	number = {3},
	urldate = {2017-12-12},
	journal = {IEEE Signal Processing Magazine},
	author = {Theodoridis, S. and Mavroforakis, M.},
	month = may,
	year = {2007},
	pages = {119--122}
}